
@inreference{_surrogate_2017,
	title = {Surrogate model},
	rights = {Creative Commons Attribution-{ShareAlike} License},
	url = {https://en.wikipedia.org/w/index.php?title=Surrogate_model&oldid=772207388},
	booktitle = {Wikipedia},
	urldate = {2017-10-31},
	date = {2017-03-25},
	langid = {english},
	note = {Page Version {ID}: 772207388},
	file = {Snapshot:/home/seba/Zotero/storage/RC2ADZSX/index.html:text/html}
}