@article{Bayarri2015,
author = {Bayarri, M. J. and Berger, J. O. and Calder, E. S. and Patra, Abani K. and Pitman, E Bruce and Spiller, E. T. and Wolpert, Robert L.},
doi = {10.1615/Int.J.UncertaintyQuantification.2015011451},
issn = {2152-5080},
journal = {International Journal for Uncertainty Quantification},
number = {4},
pages = {297--325},
title = {{Probabilistic Quantification Of Hazards: A Methodology Using Small Ensembles Of Physics-Based Simulations And Statistical Surrogates}},
volume = {5},
year = {2015}
}

@incollection{fullswof,
title={FullSWOF: A software for overland flow simulation},
author={Delestre, Olivier and Cordier, St{\'e}phane and Darboux, Fr{\'e}d{\'e}ric and Du, Mingxuan and James, Francois and Laguerre, Christian and Lucas, Carine and Planchon, Olivier},
booktitle={Advances in Hydroinformatics},
pages={221--231},
year={2014},
publisher={Springer}
}

@misc{Octave,
author = {{Octave community}},
keywords = {Octave,Software},
title = {{GNU Octave 4.2.1}},
url = {www.octave.org},
year = {2018},
note = {Last accessed Feb. 15, 2018},
}

@misc{Inkscape,
author = {{Inkscape community}},
title = {{I}nkscape 0.92},
url = {www.inkscape.org},
note = {Last accessed Feb. 15, 2018},
year = {2018}
}
